<record><leader>00000cas a22000007a 4500</leader><controlfield tag="001">19649862</controlfield><controlfield tag="008">890503d19131917mouwr ne      0    0eng d</controlfield><datafield ind1=" " ind2=" " tag="010"><subfield code="a">sn 89066319 </subfield></datafield><datafield ind1=" " ind2=" " tag="040"><subfield code="a">MQN</subfield><subfield code="b">eng</subfield><subfield code="c">MQN</subfield><subfield code="d">OCLCQ</subfield></datafield><datafield ind1=" " ind2=" " tag="042"><subfield code="a">msc</subfield></datafield><datafield ind1="0" ind2=" " tag="130"><subfield code="a">Columbia herald-statesman (Columbia, Mo. : 1913)</subfield></datafield><datafield ind1="1" ind2="0" tag="245"><subfield code="a">Columbia herald-statesman.</subfield></datafield><datafield ind1=" " ind2=" " tag="260"><subfield code="a">Columbia, Boone County, Mo. :</subfield><subfield code="b">H.F. Childers,</subfield><subfield code="c">-1917.</subfield></datafield><datafield ind1=" " ind2=" " tag="300"><subfield code="a">v.</subfield></datafield><datafield ind1=" " ind2=" " tag="310"><subfield code="a">Weekly</subfield></datafield><datafield ind1="1" ind2=" " tag="362"><subfield code="a">Began in 1913.</subfield></datafield><datafield ind1="0" ind2=" " tag="362"><subfield code="a">-v. 4, no. 27 (Feb. 15, 1917).</subfield></datafield><datafield ind1=" " ind2=" " tag="588"><subfield code="a">Description based on: Vol. 1, no. 4 (Sept. 12, 1913).</subfield></datafield><datafield ind1=" " ind2=" " tag="752"><subfield code="a">United States</subfield><subfield code="b">Missouri</subfield><subfield code="c">Boone</subfield><subfield code="d">Columbia.</subfield></datafield><datafield ind1="0" ind2="4" tag="780"><subfield code="t">Columbia Missouri herald (Columbia, Mo. : 1871)</subfield><subfield code="w">(DLC)sn 83016930</subfield></datafield><datafield ind1="0" ind2="4" tag="780"><subfield code="t">Columbia statesman</subfield><subfield code="w">(DLC)sn 89066320</subfield></datafield><datafield ind1="0" ind2="0" tag="785"><subfield code="t">Twice-a-week Columbia herald-statesman</subfield><subfield code="w">(DLC)sn 89066738</subfield></datafield></record>